
@InProceedings{prednaskaAI,
author={prof. Ivan Sekaj},
title={Návrh regulačných obvodov použitím evolučných algoritmov (genetického algoritmu)},
year={2023},
pages={13-15},
}
@InProceedings{RMS,
author={Ing. Chovanec Ľuboš, PhD.},
title={cvičenie 03-01.pdf (Pružný systém)},
year={2023},
}